@misc{subdivision,howpublished = {\url{http://theorangeduck.com/page/subdivision-modelling}}, journal={Subdivision Modelling}, title={Subdivision Modelling}, note = {Accessed: 2010-05-01}}

@article{CATMULL1978350,
title = {Recursively generated B-spline surfaces on arbitrary topological meshes},
journal = {Computer-Aided Design},
volume = {10},
number = {6},
pages = {350-355},
year = {1978},
issn = {0010-4485},
doi = {https://doi.org/10.1016/0010-4485(78)90110-0},
url = {https://www.sciencedirect.com/science/article/pii/0010448578901100},
author = {E. Catmull and J. Clark},
abstract = {This paper describes a method for recursively generating surfaces that approximate points lying-on a mesh of arbitrary topology. The method is presented as a generalization of a recursive bicubic B-spline patch subdivision algorithm. For rectangular control-point meshes, the method generates a standard B-spline surface. For non-rectangular meshes, it generates surfaces that are shown to reduce to a standard B-spline surface except at a small number of points, called extraordinary points. Therefore, everywhere except at these points the surface is continuous in tangent and curvature. At the extraordinary points, the pictures of the surface indicate that the surface is at least continuous in tangent, but no proof of continuity is given. A similar algorithm for biquadratic B-splines is also presented.}
}

@article{sederberg_zheng_bakenov_nasri_2003, title={T-splines and T-NURCCs}, DOI={10.1145/1201775.882295}, journal={ACM SIGGRAPH 2003 Papers on - SIGGRAPH 03}, author={Sederberg, Thomas W. and Zheng, Jianmin and Bakenov, Almaz and Nasri, Ahmad}, year={2003}}

@misc{tsplines,howpublished = {\url{http://www.rhino3d.cz/clanky/zasuvne-moduly/t-splines-organicka-revoluce-v-rhinu.html}}, journal={T-splines: organická revoluce v Rhinu?}, title={T-splines: organická revoluce v Rhinu?}, note = {Accessed: 2010-05-01}, author={Jan Slanina}

@misc{wikipedia_2021, title={Normal mapping}, howpublished = {\url{https://en.wikipedia.org/wiki/Normal_mapping#/media/File:NormalMaps.png}}, journal={Wikipedia}, publisher={Wikimedia Foundation}, year={2021}, month={Apr}}

@misc{wang, title={Texture Mapping},howpublished = {\url{http://web.cse.ohio-state.edu/~wang.3602/courses/cse5542-2013-spring/15-texture.pdf}}, journal={TextureMapping}, publisher={Ohio State University}, author={Wang, Huamin}, year={2021}, month={Apr}}

@misc{mapping, title={Texture Mapping},howpublished = {\url{http://www.eecs.umich.edu/courses/eecs487/w07/pdf/texmap.pdf}}, journal={TextureMapping2}, publisher={University of Utah}, author={Riesenfeld, Rich}, year={2021}, month={Apr}}